<?xml version="1.0" encoding="UTF-8"?>
<record xmlns="http://www.loc.gov/MARC21/slim" xmlns:zs="http://docs.oasis-open.org/ns/search-ws/sruResponse">
 <leader>
  11092cpcaa22016817i 4500
 </leader>
 <controlfield tag="001">
  18143330
 </controlfield>
 <controlfield tag="005">
  20240829153632.0
 </controlfield>
 <controlfield tag="007">
  st ||n|m|||n|e
 </controlfield>
 <controlfield tag="007">
  ss ||njl|||n|e
 </controlfield>
 <controlfield tag="007">
  vf cba|o|
 </controlfield>
 <controlfield tag="008">
  140507i18942009xx                  eng
 </controlfield>
 <datafield ind1=" " ind2=" " tag="906">
  <subfield code="a">
   7
  </subfield>
  <subfield code="b">
   cbc
  </subfield>
  <subfield code="c">
   orignew
  </subfield>
  <subfield code="d">
   u
  </subfield>
  <subfield code="e">
   ncip
  </subfield>
  <subfield code="f">
   20
  </subfield>
  <subfield code="g">
   y-folklife
  </subfield>
 </datafield>
 <datafield ind1=" " ind2=" " tag="955">
  <subfield code="a">
   mkru 2014-05-07;
  </subfield>
  <subfield code="a">
   mkru 2014-09-22
  </subfield>
  <subfield code="a">
   mkru 2016-12-20
  </subfield>
  <subfield code="a">
   mkru 2017-01-18
  </subfield>
  <subfield code="a">
   mseg 2017-02-23
  </subfield>
  <subfield code="a">
   masmit 2020-04-22
  </subfield>
  <subfield code="a">
   masmit 2021-06-08
  </subfield>
  <subfield code="a">
   sludewig 2023-09-20
  </subfield>
  <subfield code="a">
   sludewig 2023-09-21
  </subfield>
  <subfield code="a">
   sludewig 2024-05-29
  </subfield>
  <subfield code="a">
   masmit 2024-08-29
  </subfield>
 </datafield>
 <datafield ind1=" " ind2=" " tag="010">
  <subfield code="a">
   2014655281
  </subfield>
 </datafield>
 <datafield ind1="2" ind2=" " tag="033">
  <subfield code="a">
   1962----
  </subfield>
  <subfield code="a">
   2000----
  </subfield>
 </datafield>
 <datafield ind1=" " ind2=" " tag="040">
  <subfield code="a">
   DLC
  </subfield>
  <subfield code="b">
   eng
  </subfield>
  <subfield code="e">
   dacs
  </subfield>
  <subfield code="c">
   DLC
  </subfield>
  <subfield code="d">
   DLC
  </subfield>
 </datafield>
 <datafield ind1=" " ind2=" " tag="043">
  <subfield code="a">
   n-us---
  </subfield>
  <subfield code="a">
   n-us-ca
  </subfield>
  <subfield code="a">
   n-us-dc
  </subfield>
 </datafield>
 <datafield ind1=" " ind2=" " tag="090">
  <subfield code="a">
   RXI 4308-4325, RXI 4327-4332, RXI 4992-5000, RXL 2026-2030 (7 in.); RYP 5001-5068 (cassettes); VAS 3420-3427 (VHS)
  </subfield>
 </datafield>
 <datafield ind1=" " ind2=" " tag="090">
  <subfield code="a">
   AFC 2014/008
  </subfield>
 </datafield>
 <datafield ind1="0" ind2="0" tag="245">
  <subfield code="a">
   Bess Lomax Hawes collection,
  </subfield>
  <subfield code="f">
   1894-2009,
  </subfield>
  <subfield code="g">
   bulk 1960-2001.
  </subfield>
 </datafield>
 <datafield ind1=" " ind2=" " tag="300">
  <subfield code="3">
   whole collection
  </subfield>
  <subfield code="a">
   13,480
  </subfield>
  <subfield code="f">
   items
  </subfield>
 </datafield>
 <datafield ind1=" " ind2=" " tag="300">
  <subfield code="3">
   whole collection
  </subfield>
  <subfield code="a">
   45
  </subfield>
  <subfield code="f">
   containers
  </subfield>
 </datafield>
 <datafield ind1=" " ind2=" " tag="300">
  <subfield code="3">
   manuscripts
  </subfield>
  <subfield code="a">
   394
  </subfield>
  <subfield code="f">
   folders
  </subfield>
  <subfield code="a">
   (31
  </subfield>
  <subfield code="f">
   containers)
  </subfield>
 </datafield>
 <datafield ind1=" " ind2=" " tag="300">
  <subfield code="3">
   sound recordings
  </subfield>
  <subfield code="a">
   38 sound tape reels:
  </subfield>
  <subfield code="b">
   analog ;
  </subfield>
  <subfield code="c">
   various sizes
  </subfield>
 </datafield>
 <datafield ind1=" " ind2=" " tag="300">
  <subfield code="3">
   sound recordings
  </subfield>
  <subfield code="a">
   68 sound cassettes:
  </subfield>
  <subfield code="b">
   analog
  </subfield>
 </datafield>
 <datafield ind1=" " ind2=" " tag="300">
  <subfield code="3">
   sound recordings
  </subfield>
  <subfield code="a">
   11 sound discs (CD-R) :
  </subfield>
  <subfield code="b">
   digital ;
  </subfield>
  <subfield code="c">
   4 3/4 in.
  </subfield>
 </datafield>
 <datafield ind1=" " ind2=" " tag="300">
  <subfield code="3">
   sound recordings
  </subfield>
  <subfield code="a">
   189 sound files (WAV) :
  </subfield>
  <subfield code="b">
   digital
  </subfield>
 </datafield>
 <datafield ind1=" " ind2=" " tag="300">
  <subfield code="3">
   moving images
  </subfield>
  <subfield code="a">
   8 videocassettes (VHS) :
  </subfield>
  <subfield code="b">
   sound, color ;
  </subfield>
  <subfield code="c">
   1/2 in.
  </subfield>
 </datafield>
 <datafield ind1=" " ind2=" " tag="300">
  <subfield code="3">
   moving images
  </subfield>
  <subfield code="a">
   2 video discs (DVD) :
  </subfield>
  <subfield code="b">
   digital, sound, color ;
  </subfield>
  <subfield code="c">
   4 3/4 in.
  </subfield>
 </datafield>
 <datafield ind1=" " ind2=" " tag="300">
  <subfield code="3">
   moving images
  </subfield>
  <subfield code="a">
   38 video files (VOB, BUP, IFO) :
  </subfield>
  <subfield code="b">
   digital
  </subfield>
 </datafield>
 <datafield ind1=" " ind2=" " tag="300">
  <subfield code="3">
   graphic materials
  </subfield>
  <subfield code="a">
   approximately 2000 photographic prints :
  </subfield>
  <subfield code="b">
   black and white, color ;
  </subfield>
  <subfield code="c">
   various sizes
  </subfield>
 </datafield>
 <datafield ind1=" " ind2=" " tag="300">
  <subfield code="3">
   graphic materials
  </subfield>
  <subfield code="a">
   approximately 500 photographs :
  </subfield>
  <subfield code="b">
   film negatives
  </subfield>
 </datafield>
 <datafield ind1=" " ind2=" " tag="300">
  <subfield code="3">
   graphic materials
  </subfield>
  <subfield code="a">
   approximately 200
  </subfield>
  <subfield code="f">
   drawings
  </subfield>
 </datafield>
 <datafield ind1=" " ind2=" " tag="300">
  <subfield code="3">
   artifacts
  </subfield>
  <subfield code="a">
   approximately 20
  </subfield>
  <subfield code="f">
   awards and other objects
  </subfield>
 </datafield>
 <datafield ind1="0" ind2=" " tag="511">
  <subfield code="a">
   Various performers including Sea Island Singers, Bessie Jones, and many others.
  </subfield>
 </datafield>
 <datafield ind1=" " ind2=" " tag="520">
  <subfield code="a">
   Papers and audiovisual materials relating to the career and personal life of folk arts administrator, folklorist, ethnomusicologist, filmmaker, musician, and teacher Bess Lomax Hawes, most from 1960-2001. Includes work produced by Hawes when she was a professor at San Fernando Valley State College in Northridge, California, and as head of the National Endowment for the Arts Folk Arts Program in Washington, D.C. The collection includes writings, correspondence, business records, musical transcriptions, photographs, and other documents, as well as artwork produced by her husband, Baldwin "Butch" Hawes.  Also included are sound recordings made during travels to a number of countries.
  </subfield>
 </datafield>
 <datafield ind1=" " ind2=" " tag="545">
  <subfield code="a">
   Bess Lomax Hawes (1921-2009) was a folklorist, teacher, musician, writer, filmmaker, and folk arts administrator. Named for her mother, Bess Brown Lomax, she was exposed at a young age to folk music performance and fieldwork through her father, John A. Lomax, and brother, Alan Lomax. As a teenager she transcribed music from field recording sessions, and provided assistance to her father, brother Alan, and composer Ruth Crawford Seeger during their work on Our Singing Country (1941), a collection of American folk songs and ballads. After graduating from Bryn Mawr College in 1941, she moved to New York City, where she performed with the Almanac Singers, including Pete Seeger, Woody Guthrie, her future husband, artist Butch Hawes, and others.  She moved with her husband to Cambridge, Massachusetts, where she taught guitar lessons, wrote music and cared for her young children.  In 1952, Hawes moved with her family to California, where she taught guitar and courses in folklore and anthropology at San Fernando Valley State College (now California State University, Northridge). As professor, she wrote a number of academic papers and was an active participant in the California Folklore Society, which she served as president from 1971-1973.  While on the faculty at San Fernando Valley State, Hawes completed her M.A. in Folklore from the University of California, Berkeley, studying under folklorist Alan Dundes. She made four films while working in California: Georgia Sea Island Singers (1964), Buckdancer (1965), Pizza Pizza Daddy-O (1967) and Say Old Man, Can You Play the Fiddle (1970). In 1977, Hawes moved to Washington, D.C. to serve as head of the Folk Arts Program at the National Endowment for the Arts, and stayed on for a fifteen-year tenure. At NEA she raised the public profile of the folk arts, establishing apprenticeship and other grant programs to support folk artists with skills as varied as music and dance, basketmaking, and pottery.  A crowning achievement at the NEA was the establishment of the National Heritage Fellowship program to honor folk artists for lifetime achievement and contributions to traditional arts in the United States. Hawes traveled widely for her work at NEA, both nationally and internationally. She wrote several books: Step It Down (1972), co-authored with Bessie Jones; Brown Girl in the Ring (1997), co-authored with Alan Lomax and J.D. Elder; and Sing it Pretty (2008), a memoir. In 1993 Hawes received the National Medal of Arts from president Bill Clinton.
  </subfield>
 </datafield>
 <datafield ind1="8" ind2=" " tag="524">
  <subfield code="a">
   Bess Lomax Hawes collection (AFC 2014/008), American Folklife Center, Library of Congress, Washington, D.C.
  </subfield>
 </datafield>
 <datafield ind1="0" ind2=" " tag="506">
  <subfield code="a">
   Collection is open for research. To request materials, please contact the Folklife Reading Room at
  </subfield>
  <subfield code="u">
   https://hdl.loc.gov/loc.afc/folklife.contact
  </subfield>
 </datafield>
 <datafield ind1=" " ind2=" " tag="540">
  <subfield code="a">
   The rights in this collection held by the donors are governed by copyright for their lifetime. While the collection is still under copyright, patrons may reuse materials under the Creative Commons Attribution-NonCommercial 4.0 license
  </subfield>
  <subfield code="u">
   https://creativecommons.org/licenses/by-nc/4.0/
  </subfield>
 </datafield>
 <datafield ind1=" " ind2=" " tag="540">
  <subfield code="a">
   Rights belonging to third parties may be governed by copyright or other restrictions.
  </subfield>
 </datafield>
 <datafield ind1=" " ind2=" " tag="541">
  <subfield code="a">
   Naomi Bishop, Corey Denos, Nicholas Hawes;
  </subfield>
  <subfield code="c">
   Donation;
  </subfield>
  <subfield code="d">
   2013-2014.
  </subfield>
 </datafield>
 <datafield ind1="0" ind2=" " tag="544">
  <subfield code="d">
   Bess Lomax Hawes Student Folklore Collection;
  </subfield>
  <subfield code="a">
   California State University, Northridge;
  </subfield>
  <subfield code="b">
   https://oac.cdlib.org/findaid/ark:/13030/c85d8v11/
  </subfield>
 </datafield>
 <datafield ind1=" " ind2=" " tag="546">
  <subfield code="a">
   In English.
  </subfield>
 </datafield>
 <datafield ind1="0" ind2=" " tag="555">
  <subfield code="a">
   Finding aid is available online
  </subfield>
  <subfield code="u">
   https://hdl.loc.gov/loc.afc/eadafc.af016012
  </subfield>
 </datafield>
 <datafield ind1="1" ind2="0" tag="600">
  <subfield code="a">
   Bergey, Barry
  </subfield>
  <subfield code="v">
   Correspondence.
  </subfield>
 </datafield>
 <datafield ind1="1" ind2="0" tag="600">
  <subfield code="a">
   Bulger, Peggy A.
  </subfield>
  <subfield code="v">
   Correspondence.
  </subfield>
 </datafield>
 <datafield ind1="1" ind2="0" tag="600">
  <subfield code="a">
   Cohen, Ronald D.,
  </subfield>
  <subfield code="d">
   1940-2022.
  </subfield>
 </datafield>
 <datafield ind1="1" ind2="0" tag="600">
  <subfield code="a">
   Dane, Barbara.
  </subfield>
 </datafield>
 <datafield ind1="1" ind2="0" tag="600">
  <subfield code="a">
   Dundes, Alan
  </subfield>
  <subfield code="v">
   Correspondence.
  </subfield>
 </datafield>
 <datafield ind1="1" ind2="0" tag="600">
  <subfield code="a">
   Elder, J. D.
  </subfield>
  <subfield code="q">
   (Jacob Delworth),
  </subfield>
  <subfield code="d">
   1913-2003
  </subfield>
  <subfield code="v">
   Correspondence.
  </subfield>
 </datafield>
 <datafield ind1="1" ind2="0" tag="600">
  <subfield code="a">
   Hanks, Nancy,
  </subfield>
  <subfield code="d">
   1927-1983
  </subfield>
  <subfield code="v">
   Correspondence.
  </subfield>
 </datafield>
 <datafield ind1="1" ind2="0" tag="600">
  <subfield code="a">
   Hawes, Bess Lomax,
  </subfield>
  <subfield code="d">
   1921-2009
  </subfield>
  <subfield code="v">
   Correspondence.
  </subfield>
 </datafield>
 <datafield ind1="1" ind2="0" tag="600">
  <subfield code="a">
   Hawes, Bess Lomax,
  </subfield>
  <subfield code="d">
   1921-2009
  </subfield>
  <subfield code="x">
   Ethnomusicological collections.
  </subfield>
 </datafield>
 <datafield ind1="1" ind2="0" tag="600">
  <subfield code="a">
   Hawes, Butch,
  </subfield>
  <subfield code="d">
   1919-1971
  </subfield>
  <subfield code="v">
   Correspondence.
  </subfield>
 </datafield>
 <datafield ind1="1" ind2="0" tag="600">
  <subfield code="a">
   Hodsoll, Francis Samuel Monaise
  </subfield>
  <subfield code="v">
   Correspondence.
  </subfield>
 </datafield>
 <datafield ind1="1" ind2="0" tag="600">
  <subfield code="a">
   Jabbour, Alan
  </subfield>
  <subfield code="v">
   Correspondence.
  </subfield>
 </datafield>
 <datafield ind1="1" ind2="0" tag="600">
  <subfield code="a">
   Jones, Bessie,
  </subfield>
  <subfield code="d">
   1902-1984
  </subfield>
  <subfield code="v">
   Correspondence
  </subfield>
  <subfield code="v">
   Interviews.
  </subfield>
 </datafield>
 <datafield ind1="0" ind2="0" tag="600">
  <subfield code="a">
   Leadbelly,
  </subfield>
  <subfield code="d">
   1885-1949.
  </subfield>
 </datafield>
 <datafield ind1="1" ind2="0" tag="600">
  <subfield code="a">
   Lomax, Alan,
  </subfield>
  <subfield code="d">
   1915-2002
  </subfield>
  <subfield code="v">
   Correspondence.
  </subfield>
 </datafield>
 <datafield ind1="1" ind2="0" tag="600">
  <subfield code="a">
   Lomax, Bess Brown,
  </subfield>
  <subfield code="d">
   1880-1931
  </subfield>
  <subfield code="v">
   Correspondence.
  </subfield>
 </datafield>
 <datafield ind1="1" ind2="0" tag="600">
  <subfield code="a">
   Lomax, John A.
  </subfield>
  <subfield code="q">
   (John Avery),
  </subfield>
  <subfield code="d">
   1867-1948
  </subfield>
  <subfield code="v">
   Correspondence.
  </subfield>
 </datafield>
 <datafield ind1="1" ind2="0" tag="600">
  <subfield code="a">
   Lomax, John A.,
  </subfield>
  <subfield code="c">
   Jr.
  </subfield>
  <subfield code="q">
   (John Avery),
  </subfield>
  <subfield code="d">
   1907-1974
  </subfield>
  <subfield code="v">
   Correspondence.
  </subfield>
 </datafield>
 <datafield ind1="1" ind2="0" tag="600">
  <subfield code="a">
   Lomax, Ruby T.
  </subfield>
  <subfield code="q">
   (Ruby Terrill)
  </subfield>
  <subfield code="v">
   Correspondence.
  </subfield>
 </datafield>
 <datafield ind1="1" ind2="0" tag="600">
  <subfield code="a">
   Duggan, Shirley Lomax,
  </subfield>
  <subfield code="d">
   1905-1996
  </subfield>
  <subfield code="v">
   Correspondence.
  </subfield>
 </datafield>
 <datafield ind1="1" ind2="0" tag="600">
  <subfield code="a">
   McCann, Gordon,
  </subfield>
  <subfield code="d">
   1931-
  </subfield>
  <subfield code="v">
   Correspondence.
  </subfield>
 </datafield>
 <datafield ind1="1" ind2="0" tag="600">
  <subfield code="a">
   Rinzler, Ralph
  </subfield>
  <subfield code="v">
   Correspondence.
  </subfield>
 </datafield>
 <datafield ind1="1" ind2="0" tag="600">
  <subfield code="a">
   Seeger, Pete,
  </subfield>
  <subfield code="d">
   1919-2014
  </subfield>
  <subfield code="v">
   Correspondence.
  </subfield>
 </datafield>
 <datafield ind1="1" ind2="0" tag="600">
  <subfield code="a">
   Seeger, Toshi
  </subfield>
  <subfield code="v">
   Correspondence.
  </subfield>
 </datafield>
 <datafield ind1="1" ind2="0" tag="600">
  <subfield code="a">
   Willett, E. Henry,
  </subfield>
  <subfield code="d">
   1951-
  </subfield>
  <subfield code="v">
   Correspondence.
  </subfield>
 </datafield>
 <datafield ind1="2" ind2="0" tag="610">
  <subfield code="a">
   Almanac Singers.
  </subfield>
 </datafield>
 <datafield ind1="2" ind2="0" tag="610">
  <subfield code="a">
   American Folklife Center.
  </subfield>
 </datafield>
 <datafield ind1="2" ind2="0" tag="610">
  <subfield code="a">
   American Folklore Society.
  </subfield>
 </datafield>
 <datafield ind1="2" ind2="0" tag="610">
  <subfield code="a">
   Association for Cultural Equity.
  </subfield>
 </datafield>
 <datafield ind1="2" ind2="0" tag="610">
  <subfield code="a">
   California Folklore Society.
  </subfield>
 </datafield>
 <datafield ind1="2" ind2="0" tag="610">
  <subfield code="a">
   National Endowment for the Arts.
  </subfield>
  <subfield code="b">
   Folk Arts Program.
  </subfield>
 </datafield>
 <datafield ind1="2" ind2="0" tag="610">
  <subfield code="a">
   National Endowment for the Arts.
  </subfield>
  <subfield code="b">
   National Heritage Fellowship.
  </subfield>
 </datafield>
 <datafield ind1="2" ind2="0" tag="610">
  <subfield code="a">
   California State University, Northridge.
  </subfield>
 </datafield>
 <datafield ind1="2" ind2="0" tag="610">
  <subfield code="a">
   Sea Island Singers.
  </subfield>
 </datafield>
 <datafield ind1="2" ind2="0" tag="611">
  <subfield code="a">
   Festival of American Folklife.
  </subfield>
 </datafield>
 <datafield ind1="2" ind2="0" tag="611">
  <subfield code="a">
   Festival of Pacific Arts
  </subfield>
  <subfield code="n">
   (6th :
  </subfield>
  <subfield code="d">
   1992 :
  </subfield>
  <subfield code="c">
   Rarotonga, Cook Islands)
  </subfield>
 </datafield>
 <datafield ind1=" " ind2="0" tag="650">
  <subfield code="a">
   Folklorists
  </subfield>
  <subfield code="z">
   United States
  </subfield>
  <subfield code="v">
   Correspondence.
  </subfield>
 </datafield>
 <datafield ind1=" " ind2="0" tag="650">
  <subfield code="a">
   Women folklorists
  </subfield>
  <subfield code="z">
   United States.
  </subfield>
 </datafield>
 <datafield ind1=" " ind2="0" tag="650">
  <subfield code="a">
   Arts administrators
  </subfield>
  <subfield code="z">
   United States
  </subfield>
  <subfield code="v">
   Biography.
  </subfield>
 </datafield>
 <datafield ind1=" " ind2="0" tag="650">
  <subfield code="a">
   Folk art.
  </subfield>
 </datafield>
 <datafield ind1=" " ind2="0" tag="650">
  <subfield code="a">
   Folk music
  </subfield>
  <subfield code="z">
   United States.
  </subfield>
 </datafield>
 <datafield ind1=" " ind2="0" tag="650">
  <subfield code="a">
   Folk dancing
  </subfield>
  <subfield code="z">
   United States.
  </subfield>
 </datafield>
 <datafield ind1=" " ind2="0" tag="650">
  <subfield code="a">
   Folk songs, English.
  </subfield>
 </datafield>
 <datafield ind1=" " ind2="0" tag="650">
  <subfield code="a">
   Folklore
  </subfield>
  <subfield code="x">
   Study and teaching.
  </subfield>
 </datafield>
 <datafield ind1=" " ind2="0" tag="650">
  <subfield code="a">
   Folklorists' writings, American.
  </subfield>
 </datafield>
 <datafield ind1=" " ind2="0" tag="650">
  <subfield code="a">
   Folklore
  </subfield>
  <subfield code="z">
   California.
  </subfield>
 </datafield>
 <datafield ind1=" " ind2="0" tag="650">
  <subfield code="a">
   Folklore
  </subfield>
  <subfield code="z">
   United States
  </subfield>
  <subfield code="v">
   Congresses.
  </subfield>
 </datafield>
 <datafield ind1=" " ind2="0" tag="650">
  <subfield code="a">
   Folk festivals.
  </subfield>
 </datafield>
 <datafield ind1=" " ind2="0" tag="650">
  <subfield code="a">
   Public folklore
  </subfield>
  <subfield code="z">
   Washington (D.C.)
  </subfield>
 </datafield>
 <datafield ind1=" " ind2="0" tag="650">
  <subfield code="a">
   Singing games
  </subfield>
  <subfield code="z">
   Antilles, Lesser.
  </subfield>
 </datafield>
 <datafield ind1=" " ind2="0" tag="650">
  <subfield code="a">
   Singing games
  </subfield>
  <subfield code="z">
   Sea Islands.
  </subfield>
 </datafield>
 <datafield ind1=" " ind2="0" tag="650">
  <subfield code="a">
   Children's songs.
  </subfield>
 </datafield>
 <datafield ind1=" " ind2="0" tag="650">
  <subfield code="a">
   Ethnic arts.
  </subfield>
 </datafield>
 <datafield ind1=" " ind2="0" tag="650">
  <subfield code="a">
   Ethnomusicology.
  </subfield>
 </datafield>
 <datafield ind1=" " ind2="0" tag="650">
  <subfield code="a">
   Shape-note singing.
  </subfield>
 </datafield>
 <datafield ind1=" " ind2="0" tag="650">
  <subfield code="a">
   African Americans
  </subfield>
  <subfield code="v">
   Music.
  </subfield>
 </datafield>
 <datafield ind1=" " ind2="0" tag="650">
  <subfield code="a">
   Indians of North America
  </subfield>
  <subfield code="z">
   California
  </subfield>
  <subfield code="v">
   Music.
  </subfield>
 </datafield>
 <datafield ind1=" " ind2="0" tag="650">
  <subfield code="a">
   Music
  </subfield>
  <subfield code="z">
   Bermuda Islands.
  </subfield>
 </datafield>
 <datafield ind1=" " ind2="0" tag="650">
  <subfield code="a">
   Music
  </subfield>
  <subfield code="z">
   Cook Islands.
  </subfield>
 </datafield>
 <datafield ind1=" " ind2="0" tag="650">
  <subfield code="a">
   Music
  </subfield>
  <subfield code="z">
   Guam.
  </subfield>
 </datafield>
 <datafield ind1=" " ind2="0" tag="650">
  <subfield code="a">
   Music
  </subfield>
  <subfield code="z">
   Hawaii.
  </subfield>
 </datafield>
 <datafield ind1=" " ind2="0" tag="650">
  <subfield code="a">
   Music
  </subfield>
  <subfield code="z">
   Micronesia (Federated States)
  </subfield>
 </datafield>
 <datafield ind1=" " ind2="0" tag="650">
  <subfield code="a">
   Music
  </subfield>
  <subfield code="z">
   Northern Mariana Islands.
  </subfield>
 </datafield>
 <datafield ind1=" " ind2="0" tag="650">
  <subfield code="a">
   Music
  </subfield>
  <subfield code="z">
   Samoa.
  </subfield>
 </datafield>
 <datafield ind1=" " ind2="0" tag="650">
  <subfield code="a">
   Music
  </subfield>
  <subfield code="z">
   Trinidad and Tobago.
  </subfield>
 </datafield>
 <datafield ind1=" " ind2="0" tag="650">
  <subfield code="a">
   Music
  </subfield>
  <subfield code="z">
   United States.
  </subfield>
 </datafield>
 <datafield ind1=" " ind2="0" tag="650">
  <subfield code="a">
   Music
  </subfield>
  <subfield code="z">
   West Indies.
  </subfield>
 </datafield>
 <datafield ind1=" " ind2="7" tag="655">
  <subfield code="a">
   Interviews.
  </subfield>
  <subfield code="2">
   lcgft
  </subfield>
 </datafield>
 <datafield ind1=" " ind2="7" tag="655">
  <subfield code="a">
   Oral histories.
  </subfield>
  <subfield code="2">
   lcgft
  </subfield>
 </datafield>
 <datafield ind1=" " ind2="7" tag="655">
  <subfield code="a">
   Sound recordings.
  </subfield>
  <subfield code="2">
   lcgft
  </subfield>
 </datafield>
 <datafield ind1=" " ind2="7" tag="655">
  <subfield code="a">
   Videocassettes.
  </subfield>
  <subfield code="2">
   afset
  </subfield>
 </datafield>
 <datafield ind1=" " ind2="7" tag="655">
  <subfield code="a">
   Photographs.
  </subfield>
  <subfield code="2">
   gmgpc
  </subfield>
 </datafield>
 <datafield ind1=" " ind2="7" tag="655">
  <subfield code="a">
   Manuscripts.
  </subfield>
  <subfield code="2">
   lcgft
  </subfield>
 </datafield>
 <datafield ind1=" " ind2="7" tag="655">
  <subfield code="a">
   Speeches.
  </subfield>
  <subfield code="2">
   lcgft
  </subfield>
 </datafield>
 <datafield ind1=" " ind2="7" tag="655">
  <subfield code="a">
   Correspondence.
  </subfield>
  <subfield code="2">
   gmgpc
  </subfield>
 </datafield>
 <datafield ind1=" " ind2="7" tag="655">
  <subfield code="a">
   Drawings.
  </subfield>
  <subfield code="2">
   gmgpc
  </subfield>
 </datafield>
 <datafield ind1=" " ind2="7" tag="655">
  <subfield code="a">
   Field notes.
  </subfield>
  <subfield code="2">
   lcgft
  </subfield>
 </datafield>
 <datafield ind1=" " ind2="7" tag="655">
  <subfield code="a">
   Songbooks.
  </subfield>
  <subfield code="2">
   lcgft
  </subfield>
 </datafield>
 <datafield ind1=" " ind2="7" tag="655">
  <subfield code="a">
   Diaries.
  </subfield>
  <subfield code="2">
   lcgft
  </subfield>
 </datafield>
 <datafield ind1=" " ind2="7" tag="655">
  <subfield code="a">
   Scrapbooks.
  </subfield>
  <subfield code="2">
   gmgpc
  </subfield>
 </datafield>
 <datafield ind1=" " ind2="7" tag="655">
  <subfield code="a">
   Scores.
  </subfield>
  <subfield code="2">
   lcgft
  </subfield>
 </datafield>
 <datafield ind1=" " ind2="7" tag="655">
  <subfield code="a">
   Clippings.
  </subfield>
  <subfield code="2">
   gmgpc
  </subfield>
 </datafield>
 <datafield ind1=" " ind2="7" tag="655">
  <subfield code="a">
   Photograph albums.
  </subfield>
  <subfield code="2">
   gmgpc
  </subfield>
 </datafield>
 <datafield ind1=" " ind2="7" tag="655">
  <subfield code="a">
   Documentary films.
  </subfield>
  <subfield code="2">
   lcgft
  </subfield>
 </datafield>
 <datafield ind1="1" ind2=" " tag="700">
  <subfield code="a">
   Berman, Marcia,
  </subfield>
  <subfield code="e">
   collector,
  </subfield>
  <subfield code="e">
   performer.
  </subfield>
 </datafield>
 <datafield ind1="1" ind2=" " tag="700">
  <subfield code="a">
   Dehr, Rich,
  </subfield>
  <subfield code="e">
   performer.
  </subfield>
 </datafield>
 <datafield ind1="1" ind2=" " tag="700">
  <subfield code="a">
   Gilkyson, Terry,
  </subfield>
  <subfield code="e">
   performer.
  </subfield>
 </datafield>
 <datafield ind1="1" ind2=" " tag="700">
  <subfield code="a">
   Hawes, Bess Lomax,
  </subfield>
  <subfield code="d">
   1921-2009,
  </subfield>
  <subfield code="e">
   collector,
  </subfield>
  <subfield code="e">
   author,
  </subfield>
  <subfield code="e">
   performer.
  </subfield>
 </datafield>
 <datafield ind1="1" ind2=" " tag="700">
  <subfield code="a">
   Hawes, Butch,
  </subfield>
  <subfield code="d">
   1919-1971,
  </subfield>
  <subfield code="e">
   performer.
  </subfield>
 </datafield>
 <datafield ind1="1" ind2=" " tag="700">
  <subfield code="a">
   Miller, Frank,
  </subfield>
  <subfield code="d">
   1918-2015,
  </subfield>
  <subfield code="e">
   performer.
  </subfield>
 </datafield>
 <datafield ind1="1" ind2=" " tag="700">
  <subfield code="a">
   Mohr, Larry,
  </subfield>
  <subfield code="e">
   performer.
  </subfield>
 </datafield>
 <datafield ind1="0" ind2=" " tag="700">
  <subfield code="a">
   Odetta,
  </subfield>
  <subfield code="d">
   1930-2008,
  </subfield>
  <subfield code="e">
   performer.
  </subfield>
 </datafield>
 <datafield ind1="2" ind2=" " tag="710">
  <subfield code="a">
   National Endowment for the Arts.
  </subfield>
  <subfield code="b">
   Folk Arts Program.
  </subfield>
 </datafield>
 <datafield ind1=" " ind2=" " tag="852">
  <subfield code="a">
   Library of Congress
  </subfield>
  <subfield code="b">
   American Folklife Center,
  </subfield>
  <subfield code="e">
   101 Independence Ave. S.E., Washington, DC USA 20540-4610
  </subfield>
  <subfield code="u">
   https://hdl.loc.gov/loc.afc/folklife.home
  </subfield>
 </datafield>
 <datafield ind1="4" ind2="2" tag="856">
  <subfield code="3">
   Finding aid
  </subfield>
  <subfield code="u">
   https://hdl.loc.gov/loc.afc/eadafc.af016012
  </subfield>
 </datafield>
 <datafield ind1="4" ind2="1" tag="856">
  <subfield code="3">
   Online presentation
  </subfield>
  <subfield code="u">
   https://hdl.loc.gov/loc.afc/collafc.afc2014008
  </subfield>
 </datafield>
 <datafield ind1=" " ind2=" " tag="985">
  <subfield code="a">
   afc/coll
  </subfield>
 </datafield>
 <datafield ind1=" " ind2=" " tag="985">
  <subfield code="a">
   afc/ead
  </subfield>
 </datafield>
</record>
